<?xml version="1.0" encoding="UTF-8"?><collection xmlns="http://www.loc.gov/MARC21/slim"><record><leader>00487nam--2200157-i-4500</leader><controlfield tag="001">000020430</controlfield><controlfield tag="002">20161230</controlfield><controlfield tag="005">20170127195544</controlfield><controlfield tag="008">060222s1000------------r-----000-0-eng-d</controlfield><datafield ind1=" " ind2=" " tag="080"><subfield code="a">541.13(043)</subfield></datafield><datafield ind1=" " ind2=" " tag="100"><subfield code="a">Egeling, Rudiger</subfield></datafield><datafield ind1=" " ind2=" " tag="245"><subfield code="a">Zur kinetik der anodischen passivierung unter berucksichtugung von simultanreactiones dissert</subfield></datafield><datafield ind1=" " ind2=" " tag="260"><subfield code="a">Braunschweig</subfield><subfield code="b">Technischen Universitat Carolo- Wilhemina</subfield><subfield code="c">1977</subfield></datafield><datafield ind1=" " ind2=" " tag="300"><subfield code="a">100 p. + Fig</subfield></datafield><datafield ind1=" " ind2=" " tag="852"><subfield code="a">78286</subfield></datafield><datafield ind1=" " ind2=" " tag="CAT"><subfield code="a">SYS</subfield><subfield code="c">20170127</subfield><subfield code="h">195544</subfield></datafield></record></collection>